<record><leader>00000cas a2200000 a 4500</leader><controlfield tag="001">29842943</controlfield><controlfield tag="008">940219d19631965iluwr ne      0   a0eng c</controlfield><datafield ind1=" " ind2=" " tag="010"><subfield code="a">sn 94054624 </subfield></datafield><datafield ind1=" " ind2=" " tag="040"><subfield code="a">NVF</subfield><subfield code="b">eng</subfield><subfield code="c">NVF</subfield><subfield code="d">CVF</subfield><subfield code="d">OCL</subfield><subfield code="d">OCLCQ</subfield><subfield code="d">OCLCF</subfield><subfield code="d">NVF</subfield><subfield code="d">OCLCO</subfield><subfield code="d">OCLCA</subfield><subfield code="d">OCL</subfield></datafield><datafield ind1="1" ind2=" " tag="029"><subfield code="a">AU@</subfield><subfield code="b">000010884687</subfield></datafield><datafield ind1=" " ind2=" " tag="042"><subfield code="a">pcc</subfield></datafield><datafield ind1=" " ind2=" " tag="043"><subfield code="a">n-us-il</subfield></datafield><datafield ind1="0" ind2=" " tag="130"><subfield code="a">Life (Skokie, Ill. : Life-land ed.)</subfield></datafield><datafield ind1="1" ind2="4" tag="245"><subfield code="a">The life.</subfield></datafield><datafield ind1=" " ind2=" " tag="250"><subfield code="a">Life-land ed.</subfield></datafield><datafield ind1=" " ind2=" " tag="260"><subfield code="a">Skokie, Ill. :</subfield><subfield code="b">Leo A. Lerner,</subfield><subfield code="c">1963-1965.</subfield></datafield><datafield ind1=" " ind2=" " tag="300"><subfield code="a">v.</subfield></datafield><datafield ind1=" " ind2=" " tag="310"><subfield code="a">Weekly</subfield></datafield><datafield ind1="0" ind2=" " tag="362"><subfield code="a">Vol. 16, no. 20 (Jan. 10, 1963)-v. 18, no. 41 (June 3, 1965).</subfield></datafield><datafield ind1=" " ind2="0" tag="650"><subfield code="a">Community newspapers</subfield><subfield code="z">Illinois</subfield><subfield code="z">Chicago.</subfield></datafield><datafield ind1=" " ind2="0" tag="651"><subfield code="a">Golf (Ill.)</subfield><subfield code="v">Newspapers.</subfield></datafield><datafield ind1=" " ind2="0" tag="651"><subfield code="a">Glenview (Cook County, Ill.)</subfield><subfield code="v">Newspapers.</subfield></datafield><datafield ind1=" " ind2="0" tag="651"><subfield code="a">Niles (Ill.)</subfield><subfield code="v">Newspapers.</subfield></datafield><datafield ind1=" " ind2="0" tag="651"><subfield code="a">Lincolnwood (Ill.)</subfield><subfield code="v">Newspapers.</subfield></datafield><datafield ind1=" " ind2="0" tag="651"><subfield code="a">Morton Grove (Ill.)</subfield><subfield code="v">Newspapers.</subfield></datafield><datafield ind1=" " ind2="7" tag="655"><subfield code="a">Newspapers.</subfield><subfield code="2">fast</subfield><subfield code="0">(OCoLC)fst01423814</subfield></datafield><datafield ind1=" " ind2="7" tag="650"><subfield code="a">Community newspapers.</subfield><subfield code="2">fast</subfield><subfield code="0">(OCoLC)fst00871103</subfield></datafield><datafield ind1=" " ind2="7" tag="651"><subfield code="a">Illinois</subfield><subfield code="z">Chicago.</subfield><subfield code="2">fast</subfield><subfield code="0">(OCoLC)fst01204048</subfield></datafield><datafield ind1=" " ind2="7" tag="651"><subfield code="a">Illinois</subfield><subfield code="z">Glenview (Cook County)</subfield><subfield code="2">fast</subfield><subfield code="0">(OCoLC)fst01225354</subfield></datafield><datafield ind1=" " ind2="7" tag="651"><subfield code="a">Illinois</subfield><subfield code="z">Golf.</subfield><subfield code="2">fast</subfield><subfield code="0">(OCoLC)fst01282951</subfield></datafield><datafield ind1=" " ind2="7" tag="651"><subfield code="a">Illinois</subfield><subfield code="z">Lincolnwood.</subfield><subfield code="2">fast</subfield><subfield code="0">(OCoLC)fst01268949</subfield></datafield><datafield ind1=" " ind2="7" tag="651"><subfield code="a">Illinois</subfield><subfield code="z">Morton Grove.</subfield><subfield code="2">fast</subfield><subfield code="0">(OCoLC)fst01217904</subfield></datafield><datafield ind1=" " ind2="7" tag="651"><subfield code="a">Illinois</subfield><subfield code="z">Niles.</subfield><subfield code="2">fast</subfield><subfield code="0">(OCoLC)fst01229201</subfield></datafield><datafield ind1=" " ind2=" " tag="752"><subfield code="a">United States</subfield><subfield code="b">Illinois</subfield><subfield code="c">Cook</subfield><subfield code="d">Skokie.</subfield></datafield><datafield ind1="0" ind2="1" tag="780"><subfield code="t">Life (Skokie, Ill.)</subfield><subfield code="w">(DLC)sn 94054622</subfield><subfield code="w">(OCoLC)29842929</subfield></datafield><datafield ind1="0" ind2="1" tag="785"><subfield code="t">Life (Skokie, Ill. : Des Plaines ed.)</subfield><subfield code="w">(DLC)sn 94054626</subfield><subfield code="w">(OCoLC)29842963</subfield></datafield><datafield ind1="0" ind2="1" tag="785"><subfield code="t">Life (Skokie, Ill. : Niles ed.)</subfield><subfield code="w">(DLC)sn 94054627</subfield><subfield code="w">(OCoLC)29842960</subfield></datafield><datafield ind1="0" ind2="1" tag="785"><subfield code="t">Life (Skokie, Ill. : Morton Grove ed.)</subfield><subfield code="w">(DLC)sn 94054628</subfield><subfield code="w">(OCoLC)29842961</subfield></datafield><datafield ind1="0" ind2="1" tag="785"><subfield code="t">Life (Skokie, Ill. : Lincolnwood ed.)</subfield><subfield code="w">(DLC)sn 94054625</subfield><subfield code="w">(OCoLC)29842955</subfield></datafield><datafield ind1="0" ind2="1" tag="785"><subfield code="t">Life (Skokie, Ill. : Glenview ed.)</subfield><subfield code="w">(DLC)sn 94054633</subfield><subfield code="w">(OCoLC)29842950</subfield></datafield></record>